@book{ENMP,
author = {R. Powsner, E. Powsner},
edition = {2nd},
publisher = {Wiley},
title = {Essential Nuclear Medicine Physics},
year = {2006},
}

@book{NMP,
author = {D. L. Bailey and others},
publisher = {{IAEA}},
title = {Nuclear Medicine Physics},
url = {https://www-pub.iaea.org/MTCD/Publications/PDF/Pub1617web-91160047.pdf},
}

@techreport{CLA,
title = {Cyclotrons, {LINAC}s and their applications},
year = {1994},
url = {https://www.dropbox.com/s/zpr104qgfhon852/CERN-96-02.pdf?dl=0},
}

@book{PET1,
author = {H. Jadvar and J. A. Partker},
publisher = {Sprigler},
title = {{Clinical PET and PET-CT}},
year = {2006},
}

@book{PET2,
author = {D. Bailey and D. W. Townsend and P. E. Valk and M. N. Maisey},
publisher = {Springer},
title = {Positron Emission Tomography},
year = {2005},
}

@book{CT,
author = {F. Natterer},
publisher = {SIAM},
title = {The mathematics of Computerized Tomography},
year = {2001},
}

@unpublished{Rossi,
author = {Rossi, S.},
title = {Adrontherapy course at INFN Roma},
year = {2013},
url = {https://agenda.infn.it/event/6405/attachments/45601/},
}

@unpublished{Braccini,
author = {Braccini, S.},
title = {Adrontherapy course at INFN Roma},
year = {2012},
url = {https://agenda.infn.it/event/2255/attachments/27899/},
}

@unpublished{ADRO,
title = {Impact of nuclear reactions on Hadron Therapy},
year = {2008},
url = {http://www.lpc-caen.in2p3.fr/root/.EJC2011-CUSSOL/EJC2011\_CUSSOL.pdf},
}

@book{Dosimetria_protonterapia,
author = {Knopf and Lomax},
title = {Dosimetry for protontherapy},
url = {http://iopscience.iop.org/article/10.1088/0031-9155/58/15/R131/meta},
}

@book{Dosimetria_adronterapia,
author = {Faccini, R. and Patera, V.},
title = {Dosimetry for hadrontherapy},
url = {https://elearning.uniroma1.it/pluginfile.php/138728/mod\_page/content/14/Review$\%$20Dosimetria$\%$20per$\%$20HT$\%$20$\%$28FP$\%$29.pdf},
}

@book{Boron,
author = {{IAEA Report}},
title = {{Boron Neutron Capture Therapy}},
url = {https://elearning.uniroma1.it/pluginfile.php/138728/mod\_page/content/14/te\_1223\_prn.pdf},
}

@unpublished{Acceleratori_adronterapia,
url = {https://elearning.uniroma1.it/pluginfile.php/138728/mod\_page/content/14/review\_accelerators\_HT.pdf},
}

@unpublished{LINAC,
url = {https://elearning.uniroma1.it/pluginfile.php/138728/mod\_page/content/14/TULIP\_LINAC\_PT.pdf},
}

@book{Radiosurgery,
author = {G. Mariani and A. E. Giuliano and H. W. Strauss},
publisher = {Springer},
title = {Radioguided surgery a comprehensive team approach},
year = {2006},
}

@incollection{Intraoperative_probes,
address = {913â€“935},
author = {E. Hoffman al},
booktitle = {Eur},
editor = {J. Nucl},
publisher = {Med. 26},
title = {Intraoperative probes and imaging probes},
year = {1999},
}

@book{Brachioterapia,
author = {Y. Watanabe},
title = {Brachytherapy Physics},
url = {https://www.slideshare.net/hikikomorijcv18/brachytherapy-30581870},
}

@unpublished{Cultural,
author = {EPS review},
title = {Nuclear Physics for Cultural Heritage},
url = {https://www.edp-open.org/images/stories/books/fulldl/Nuclear-physics-for-cultural-heritage.pdf},
}

@book{Longo,
author = {Longo, E. and Dionisi, C.},
title = {Dispense del corso di Laboratorio di Fisica Nucleare e Subnucleare, Cap. 4},
url = {http://www.roma1.infn.it/people/longo/fnsn/capitolo4.pdf},
}

@article{Beringer,
author = {J. Beringer and others},
journal = {Chap. 31 Phys. Rev.},
title = {Passage of particles through matter (Particle Data Group)},
volume = {D86},
year = {2012},
url = {http://pdg.lbl.gov/2013/reviews/rpp2013-rev-passage-particles-matter.pdf},
}

@book{Amaldi,
author = {U. Amaldi},
title = {Radiation Physics: Photons and Charged Hadrons},
year = {2001},
url = {https://physique.cuso.ch/fileadmin/physique/document/Amaldi-Rad.-Trento-2001.pdf},
}

@book{Corvisiero,
author = {P. Corvisiero},
title = {Interazioni Neutroni Materia, Chap. 14},
url = {https://www.ge.infn.it/~corvi/doc/didattica/radioattivita/lezioni/},
}

@book{Assay,
author = {Passive Nondestructive},
edition = {Passive Nondestructive Assay Manual},
title = {Neutrons Interactions with Matter},
url = {https://www.lanl.gov/orgs/n/n1/panda/},
}

@article{Beringer2,
author = {J. Beringer and others},
journal = {Phys. Rev.},
title = {{Particle Detectors at Accelerators (Particle Data Group)}},
volume = {D86},
year = {2012},
url = {http://pdg.lbl.gov/2013/reviews/rpp2013-rev-particle-detectors-accel.pdf},
}

@book{Knoll,
author = {G. F. Knoll},
title = {Radiation Detection and Measurement},
}

@book{Corvisiero2,
author = {P. Corvisiero},
title = {Appunti di Radiativita', Chap. 18},
url = {https://www.ge.infn.it/~corvi/doc/didattica/radioattivita/lezioni/},
}

@article{Beringer3,
author = {J. Beringer and others},
journal = {Phys. Rev.},
title = {{Radiactivity and radiation protection (Particle Data Group)}},
volume = {D86},
year = {2012},
}

@book{Films,
author = {P. Fattibene and C. De Angelis},
title = {Film Dosimetria},
url = {https://elearning.uniroma1.it/pluginfile.php/137557/mod\_page/content/17/DosimetriFilm.pdf},
}

@unpublished{TLD,
title = {Dosimetria a Termoluminescenza},
url = {https://elearning.uniroma1.it/pluginfile.php/137557/mod\_page/content/17/DosimetriTLD.pdf},
}

@book{Laitano,
author = {R. F. Laitano},
title = {Fondamenti di Dosimetria delle radiazioni ionizzanti},
url = {http://www.enea.it/it/seguici/pubblicazioni/pdf-volumi/FondamentidosimetriaradiazioniionizzantiIV.pdf},
}

@book{Corvisiero3,
author = {P. Corvisiero},
title = {Le leggi del decadimento radiativo, Chap. 1, 2},
url = {https://www.ge.infn.it/~corvi/doc/didattica/radioattivita/lezioni/},
}

@book{Nutshell,
author = {A. Bertulani},
title = {Nuclear Physics in a Nutshell, Chap. 6},
}

@book{Ferrario,
author = {M. Ferrario},
title = {Accelerator Physics: Basic Principles on Beam Focusing and Transport},
url = {https://elearning.uniroma1.it/pluginfile.php/137557/mod\_page/content/17/8\_SPARC-BD-12-01.pdf},
}

@book{Wilson,
author = {E. Wilson},
title = {An Introduction to Particle Acceleration},
year = {2001},
}

@book{Rosemblatt,
author = {J. Rosemblatt},
title = {Particle Acceleration},
year = {1968},
}
